<?xml version="1.0" encoding="UTF-8"?>
<collection xmlns:xsi="http://www.w3.org/2001/XMLSchema-instance" xsi:schemaLocation="http://www.loc.gov/MARC21/slim http://www.loc.gov/standards/marcxml/schema/MARC21slim.xsd" xmlns="http://www.loc.gov/MARC21/slim">
<record>
  <leader>00723cam a22001931i 4500</leader>
  <controlfield tag="001">2959571</controlfield>
  <controlfield tag="003">NNC</controlfield>
  <controlfield tag="005">20130426002844.0</controlfield>
  <controlfield tag="008">010213s1925    ua            000 0 ara d</controlfield>
  <datafield tag="035" ind1=" " ind2=" ">
    <subfield code="a">(OCoLC)ocm45903873</subfield>
  </datafield>
  <datafield tag="035" ind1=" " ind2=" ">
    <subfield code="9">ASK4725CU</subfield>
  </datafield>
  <datafield tag="035" ind1=" " ind2=" ">
    <subfield code="a">(NNC)2959571</subfield>
  </datafield>
  <datafield tag="040" ind1=" " ind2=" ">
    <subfield code="a">ZCU</subfield>
    <subfield code="c">ZCU</subfield>
  </datafield>
  <datafield tag="090" ind1=" " ind2=" ">
    <subfield code="a">BP131.6</subfield>
    <subfield code="b">.Q37</subfield>
  </datafield>
  <datafield tag="100" ind1="1" ind2=" ">
    <subfield code="a">Qārī al-Harawī, ʻAlī ibn Sulṭān Muḥammad,</subfield>
    <subfield code="d">-1605 or 1606.</subfield>
  </datafield>
  <datafield tag="245" ind1="1" ind2="3">
    <subfield code="a">al-Minaḥ al-fikrīyah ʻalā matn al-Jazariyah /</subfield>
    <subfield code="c">li ʻAlī ibn Sulṭān al-Qārī. Wa-bi-hāmishihī, Sharḥ Zakarīyāʾ al-Anṣārī ʻalā Muqaddimat al-Jazar̄īyah ayḍan.</subfield>
  </datafield>
  <datafield tag="260" ind1=" " ind2=" ">
    <subfield code="a">Miṣr :</subfield>
    <subfield code="b">ʻĪsā al-Babī al-Ḥalabī,</subfield>
    <subfield code="c">[1925?]</subfield>
  </datafield>
  <datafield tag="300" ind1=" " ind2=" ">
    <subfield code="a">84 p. ;</subfield>
    <subfield code="c">27 cm.</subfield>
  </datafield>
  <datafield tag="955" ind1=" " ind2=" ">
    <subfield code="b">0036758680</subfield>
    <subfield code="d">glx</subfield>
    <subfield code="e">BP131.6 .Q37</subfield>
  </datafield>
</record>
</collection>